<record><leader>00000cas a22000007a 4500</leader><controlfield tag="001">10236875</controlfield><controlfield tag="008">831220d18191819mouwr ne      0    0eng  </controlfield><controlfield tag="009">466</controlfield><datafield ind1=" " ind2=" " tag="010"><subfield code="a">sn 83016959 </subfield></datafield><datafield ind1=" " ind2=" " tag="040"><subfield code="a">DLC</subfield><subfield code="b">eng</subfield><subfield code="c">DLC</subfield><subfield code="d">PPM</subfield><subfield code="d">MQN</subfield><subfield code="d">OCL</subfield></datafield><datafield ind1="1" ind2=" " tag="029"><subfield code="a">AU@</subfield><subfield code="b">000025786351</subfield></datafield><datafield ind1=" " ind2=" " tag="042"><subfield code="a">msc</subfield></datafield><datafield ind1="0" ind2="0" tag="050"><subfield code="a">Newspaper 8583-X</subfield></datafield><datafield ind1="0" ind2=" " tag="130"><subfield code="a">Missouri intelligencer, and Boon's Lick advertiser (Franklin, Mo.)</subfield></datafield><datafield ind1="0" ind2="0" tag="245"><subfield code="a">Missouri intelligencer, and Boon's Lick advertiser.</subfield></datafield><datafield ind1=" " ind2=" " tag="260"><subfield code="a">Franklin, Mo. Territory :</subfield><subfield code="b">Patten &amp; Holladay,</subfield></datafield><datafield ind1=" " ind2=" " tag="300"><subfield code="a">v.</subfield></datafield><datafield ind1=" " ind2=" " tag="310"><subfield code="a">Weekly</subfield></datafield><datafield ind1="0" ind2=" " tag="362"><subfield code="a">Vol. 1, no. 1 (Apr. 23, 1819)-</subfield></datafield><datafield ind1="1" ind2=" " tag="362"><subfield code="a">Ceased in Oct. 1819.</subfield><subfield code="z">Cf. Gregory, W.  Amer. newspapers.</subfield></datafield><datafield ind1=" " ind2="0" tag="651"><subfield code="a">Franklin (Mo.)</subfield><subfield code="v">Newspapers.</subfield></datafield><datafield ind1=" " ind2=" " tag="752"><subfield code="a">United States</subfield><subfield code="b">Missouri</subfield><subfield code="c">Howard</subfield><subfield code="d">Franklin.</subfield></datafield><datafield ind1="0" ind2="0" tag="785"><subfield code="t">Missouri intelligencer (Franklin, Mo.)</subfield><subfield code="w">(DLC)sn 83016960</subfield></datafield></record>